@Article{mosander1843xxx,
	author = {C.G.   Mosander },
	title = {XXX. On the new metals, lanthanium and didymium, which are associated with cerium; and on erbium and terbium, new metals associated with yttria},
	journal = {The London, Edinburgh, and Dublin Philosophical Magazine and Journal of Science},
	volume = {23},
	number = {152},
	pages = {241-254},
	year  = {1843},
	publisher = {Taylor & Francis},
	doi = {10.1080/14786444308644728}%,url = {https://doi.org/10.1080/14786444308644728}
}


@Article{klemm1937bommer,
	author = {Klemm, W. and Bommer, H.},
	title = {Zur Kenntnis der Metalle der seltenen Erden},
	journal = {Zeitschrift für anorganische und allgemeine Chemie},
	volume = {231},
	number = {1‐2},
	pages = {138-171},
	doi = {10.1002/zaac.19372310115},%url = {https://onlinelibrary.wiley.com/doi/abs/10.1002/zaac.19372310115},
	abstract = {Abstract 1. Es wurden die Metalle aller seltenen Erden (mit Ausnahme von Holmium) durch Reduktion der Erdchloride mit Alkalimetallen hergestellt.},
	year = {1937}
}


@Book{emsley1998,
	author={Emsley, John.},
	title={The Elements (Oxford Chemistry Guides)}, 
	year={1998},
	publisher={Clarendon Press; Oxford University Press},
	address={Oxford; New York},
	edition={3}, 
	isbn={978-0198558194}
}


@article{sansonetti2005handbook,
	author = {Sansonetti,J. E.  and Martin,W. C. },
	title = {Handbook of Basic Atomic Spectroscopic Data},
	journal = {Journal of Physical and Chemical Reference Data},
	volume = {34},
	number = {4},
	pages = {1559-2259},
	year = {2005},
	doi = {10.1063/1.1800011}%,URL = {https://doi.org/10.1063/1.1800011}
}

@Online{NIST,
	shortauthor = {{NIST ASD Team (2020)}},
	author =    {Kramida, Alexander and Ralchenko, Yuri and Reader, Joseph},
	title =     {NIST Atomic Spectra Database (version 5.8)},
	publisher = {National Institute of Standards and Technology, Gaithersburg},
	year =      {2020},
	url =       {https://physics.nist.gov/asd}
}


@article{cui2013synthetic,
	title = {Synthetic gauge field with highly magnetic lanthanide atoms},
	author = {Cui, Xiaoling and Lian, Biao and Ho, Tin-Lun and Lev, Benjamin L. and Zhai, Hui},
	journal = {Phys. Rev. A},
	volume = {88},
	issue = {1},
	pages = {011601},
	numpages = {5},
	year = {2013},
	month = {Jul},
	publisher = {American Physical Society},
	doi = {10.1103/PhysRevA.88.011601}%,url = {https://link.aps.org/doi/10.1103/PhysRevA.88.011601}
}



@article{ban2005laser,
	author = {H. Y. Ban and M. Jacka and J. L. Hanssen and J. Reader and J. J. McClelland},
	journal = {Opt. Express},
	keywords = {Oscillator strengths; Laser trapping; Laser arrays; Laser sources; Optical clocks; Optical cooling; Quantum information processing; Tunable lasers},
	number = {8},
	pages = {3185--3195},
	publisher = {OSA},
	title = {Laser cooling transitions in atomic erbium},
	volume = {13},
	month = {Apr},
	year = {2005},
	doi = {10.1364/OPEX.13.003185},%url = {http://www.opticsexpress.org/abstract.cfm?URI=oe-13-8-3185},
	abstract = {Abstract We discuss laser cooling opportunities in atomic erbium, identifying five J{\textrightarrow}J$+$1 transitions from the 4f126s2 3H6 ground state that are accessible to common visible and near-infrared continuous-wave tunable lasers. We present lifetime measurements for the 4f11(4Io15/2)5d5/26s2 (15/2, 5/2)7 o state at 11888 cm{\textminus}1 and the 4f11(4Io 13/2)5d3/26s2 (13/2, 5/2)7o state at 15847 cm{\textminus}1, showing values of 20{\textpm}4 {\textmu}s and 5.6{\textpm}1.4 {\textmu}s, respectively. We also present a calculated value of 13{\textpm}7 s{\textminus}1 for the transition rate from the 4f11(4Io 15/2)5d3/26s2 (15/2, 3/2)7 o state at 7697 cm-1 to the ground state, based on scaled Hartree-Fock energy parameters. Laser cooling on these transitions in combination with a strong, fast (5.8 ns) laser cooling transition at 401 nm, suggest new opportunities for narrowband laser cooling of a large-magnetic moment atom, with possible applications in quantum information processing, high-precision atomic clocks, quantum degenerate gases, and deterministic single-atom doping of materials.},
}




@article{mcclelland2006natural,
	title = {Natural linewidth of the $401\text{\ensuremath{-}}\mathrm{nm}$ laser-cooling transition in $\mathrm{Er}\phantom{\rule{0.2em}{0ex}}\mathrm{I}$},
	author = {McClelland, J. J.},
	journal = {Phys. Rev. A},
	volume = {73},
	issue = {6},
	pages = {064502},
	numpages = {3},
	year = {2006},
	month = {Jun},
	publisher = {American Physical Society},
	doi = {10.1103/PhysRevA.73.064502}%,url = {https://link.aps.org/doi/10.1103/PhysRevA.73.064502}
}


@article{lawler2010atomic,
	doi = {10.1088/0953-4075/43/23/235001},%url = {https://doi.org/10.1088/0953-4075/43/23/235001},
	year = 2010,
	month = {nov},
	publisher = {{IOP} Publishing},
	volume = {43},
	number = {23},
	pages = {235001},
	author = {J E Lawler and J-F Wyart and E A Den Hartog},
	title = {Atomic transition probabilities of Er i},
	journal = {Journal of Physics B: Atomic, Molecular and Optical Physics},
	abstract = {Atomic transition probabilities for 562 lines of the first spectrum of erbium (Er i) are reported. These data are from new branching fraction measurements on Fourier transform spectra normalized with previously reported radiative lifetimes from time-resolved laser-induced fluorescence measurements (Den Hartog et al 2010 J. Phys. B: At. Mol. Opt. Phys. 43 155004). The wavelength range of the data set is from 298 to 1981 nm. In this work we explore the utility of parametric fits based on the Cowan code in assessing branching fraction errors due to lines connecting to unobserved lower levels.}
}

@article{den2010radiative,
	doi = {10.1088/0953-4075/43/15/155004},%url = {https://doi.org/10.1088/0953-4075/43/15/155004},
	year = 2010,
	month = {jul},
	publisher = {{IOP} Publishing},
	volume = {43},
	number = {15},
	pages = {155004},
	author = {E A Den Hartog and J P Chisholm and J E Lawler},
	title = {Radiative lifetimes of neutral erbium},
	journal = {Journal of Physics B: Atomic, Molecular and Optical Physics},
	abstract = {Radiative lifetimes have been measured for 123 levels of neutral erbium using time-resolved laser-induced fluorescence on a slow beam of erbium atoms. Of the 123 levels, 56 are even parity and range in energy from 26 993 to 40 440 cm−1 and 67 are odd parity ranging from 16 070 to 38 401 cm−1. This set of Er i lifetimes is much more extensive than others published to date, with 90 of the 123 level lifetimes measured for the first time. These lifetimes will provide the absolute calibration for a large set of measured Er i transition probabilities. Spectroscopic studies of rare earth elements including erbium are motivated by research needs in both the astrophysics and lighting communities.}
}

@Article{lipert1993isotope,
	author={Lipert, R. J.
	and Lee, S. C.},
	title={Isotope shifts and hyperfine structure of erbium, dysprosium, and gadolinium by atomic-beam diode-laser spectroscopy},
	journal={Applied Physics B},
	year={1993},
	month={Dec},
	day={01},
	volume={57},
	number={6},
	pages={373-379},
	abstract={A commercial diode laser system, without external frequency stabilization, has been used to study the isotope shifts and hyperfine structure in a near infrared transition of erbium, dysprosium and gadolinium. Specific mass shifts and relative values for the change in the radial nuclear charge parameters of the isotopes were obtained for erbium and dysprosium that compare well with literature values. The hyperfine structure constants measured for erbium fell within the range predicted from the results of other workers. The isotope shifts in the gadolinium transition investigated were too small for the spectrum to be resolved.},
	issn={1432-0649},
	doi={10.1007/BF00357378}%,url={https://doi.org/10.1007/BF00357378}
}


@Article{mears1987low,
	author = {R.J. Mears and L. Reekie and I.M. Jauncey and D.N. Payne},
	keywords = {1.54 micron;Er3+:fibre laser;140 Mbit/s;28 dB;spectral bandwidth;1.536 micron;3 m;300 GHz;},
	ISSN = {0013-5194},
	language = {English},
	abstract = {High gain amplification of up to 28 dB has been observed in a 3m-long erbium-doped fibre. The amplifier has a spectral bandwidth of greater than 300 GHz in the region of 1.536$\mu m$~ and a measured sensitivity of –42dBm at a bit rate of 140Mbit/s.},
	title = {Low-noise erbium-doped fibre amplifier operating at 1.54$\mu m$},
	journal = {Electronics Letters},
	issue = {19},   
	volume = {23},
	year = {1987},
	month = {September},
	pages = {1026-1028(2)},
	publisher ={Institution of Engineering and Technology},
	copyright = {© The Institution of Electrical Engineers},
	doi = {10.1049/el:19870719}%,url = {https://digital-library.theiet.org/content/journals/10.1049/el_19870719}
}

@book{emsley2011nature,
	title={Nature's building blocks: an AZ guide to the elements},
	author={Emsley, John},
	year={2011},
	publisher={Oxford University Press}
}

@Article{Pauli1925,
	author={Pauli, W.},
	title={{\"U}ber den Zusammenhang des Abschlusses der Elektronengruppen im Atom mit der Komplexstruktur der Spektren},
	journal={Zeitschrift f{\"u}r Physik},
	year={1925},
	month={Feb},
	day={01},
	volume={31},
	number={1},
	pages={765-783},
	issn={0044-3328},
	doi={10.1007/BF02980631}%,url={https://doi.org/10.1007/BF02980631}
}

@Article{Bose1924,
	author={{Bose}},
	title={Plancks Gesetz und Lichtquantenhypothese},
	journal={Zeitschrift f{\"u}r Physik},
	year={1924},
	month={Dec},
	day={01},
	volume={26},
	number={1},
	pages={178-181},
	abstract={Der Phasenraum eines Lichtquants in bezug auf ein gegebenes Volumen wird in „Zellen`` von der Gr{\"o}{\ss}e h3 aufgeteilt. Die Zahl der m{\"o}glichen Verteilungen der Lichtquanten einer makroskopisch definierten Strahlung unter diese Zellen liefert die Entropie und damit alle thermodynamischen Eigenschaften der Strahlung.},
	issn={0044-3328},
	doi={10.1007/BF01327326}%,url={https://doi.org/10.1007/BF01327326}
}

@Article{Einstein1924,
	author = {Einstein, A.},
	publisher = {John Wiley & Sons, Ltd},
	title = {Quantentheorie des einatomigen idealen Gases},
	journal={Sitzungsberichte der Preussischen Akademie der Wissenschaften},
	volume = {22},
	pages = {261-267},
	doi = {https://doi.org/10.1002/3527608958.ch27},
	year = {1924},
	keywords = {Einstein, Quantentheorie des einatomigen idealen Gases}
}

@Article{Einstein1925,
	author = {Einstein, A.},
	publisher = {John Wiley & Sons, Ltd},
	title = {Quantentheorie des einatomigen idealen Gases. Zweite Abhandlung},
	journal={Sitzungsberichte der Preussischen Akademie der Wissenschaften},
	volume = {50},
	pages = {3-10},
	doi = {https://doi.org/10.1002/3527608958.ch28},
	year = {1925},
	keywords = {Einstein, Quantentheorie des einatomigen idealen Gases}
}